<?xml version="1.0" encoding="UTF-8"?><record xmlns="http://www.loc.gov/MARC21/slim" xmlns:cinclude="http://apache.org/cocoon/include/1.0" xmlns:zs="http://www.loc.gov/zing/srw/">
  <leader>00864cz  a2200241n  4500</leader>
  <controlfield tag="001">n  83051129 </controlfield>
  <controlfield tag="003">DLC</controlfield>
  <controlfield tag="005">20160414075344.0</controlfield>
  <controlfield tag="008">830328nc azannaabn          |b aaa      </controlfield>
  <datafield tag="010" ind1=" " ind2=" ">
    <subfield code="a">n  83051129 </subfield>
  </datafield>
  <datafield tag="035" ind1=" " ind2=" ">
    <subfield code="a">(OCoLC)oca00937698</subfield>
  </datafield>
  <datafield tag="040" ind1=" " ind2=" ">
    <subfield code="a">DLC</subfield>
    <subfield code="b">eng</subfield>
    <subfield code="e">rda</subfield>
    <subfield code="c">DLC</subfield>
    <subfield code="d">MiU</subfield>
    <subfield code="d">OCoLC</subfield>
    <subfield code="d">ViU</subfield>
    <subfield code="d">OCoLC</subfield>
    <subfield code="d">InU</subfield>
  </datafield>
  <datafield tag="046" ind1=" " ind2=" ">
    <subfield code="f">1902</subfield>
    <subfield code="g">2001</subfield>
    <subfield code="2">edtf</subfield>
  </datafield>
  <datafield tag="100" ind1="1" ind2=" ">
    <subfield code="a">Jin, Jingfang</subfield>
  </datafield>
  <datafield tag="400" ind1="1" ind2=" ">
    <subfield code="w">nne</subfield>
    <subfield code="a">Chin, Ching-fang</subfield>
  </datafield>
  <datafield tag="400" ind1="1" ind2=" ">
    <subfield code="a">Jin, Xiaocun</subfield>
  </datafield>
  <datafield tag="400" ind1="1" ind2=" ">
    <subfield code="a">Chin, Hsiao-tsʻun</subfield>
  </datafield>
  <datafield tag="400" ind1="1" ind2=" ">
    <subfield code="a">金景芳</subfield>
  </datafield>
  <datafield tag="667" ind1=" " ind2=" ">
    <subfield code="a">Machine-derived non-Latin script reference project.</subfield>
  </datafield>
  <datafield tag="667" ind1=" " ind2=" ">
    <subfield code="a">Non-Latin script reference not evaluated.</subfield>
  </datafield>
  <datafield tag="670" ind1=" " ind2=" ">
    <subfield code="a">Author's Chung-kuo nu li she hui ti chi ko wen tʻi, 1962.</subfield>
  </datafield>
  <datafield tag="670" ind1=" " ind2=" ">
    <subfield code="a">His Hsüeh I ssu chung, 1987:</subfield>
    <subfield code="b">t.p. (Chin Ching-fang) p. 243 (b. 1902; t. Hsiao-tsʻun; historian)</subfield>
  </datafield>
  <datafield tag="670" ind1=" " ind2=" ">
    <subfield code="a">Kongzi xin zhuan, 2006:</subfield>
    <subfield code="b">flap of cover (Jin Jingfang; d. 2001)</subfield>
  </datafield>
</record>